<record><leader>00000cas a2200000 a 4500</leader><controlfield tag="001">37542214</controlfield><controlfield tag="008">970828d198019uuoruwr ne      0    0eng c</controlfield><datafield ind1=" " ind2=" " tag="010"><subfield code="a">sn 96088125 </subfield></datafield><datafield ind1=" " ind2=" " tag="040"><subfield code="a">OCN</subfield><subfield code="b">eng</subfield><subfield code="c">OCN</subfield><subfield code="d">OCLCQ</subfield><subfield code="d">OCLCO</subfield></datafield><datafield ind1="1" ind2=" " tag="029"><subfield code="a">AU@</subfield><subfield code="b">000013433409</subfield></datafield><datafield ind1=" " ind2=" " tag="042"><subfield code="a">pcc</subfield></datafield><datafield ind1=" " ind2=" " tag="043"><subfield code="a">n-us-or</subfield></datafield><datafield ind1="0" ind2="0" tag="245"><subfield code="a">Union County review-recorder.</subfield></datafield><datafield ind1="1" ind2="3" tag="246"><subfield code="a">Review-recorder</subfield></datafield><datafield ind1=" " ind2=" " tag="260"><subfield code="a">LaGrande, Union County, Or. :</subfield><subfield code="b">Grande Ronde Media,</subfield><subfield code="c">1980-</subfield></datafield><datafield ind1=" " ind2=" " tag="300"><subfield code="a">v.</subfield></datafield><datafield ind1=" " ind2=" " tag="310"><subfield code="a">Weekly</subfield></datafield><datafield ind1="0" ind2=" " tag="362"><subfield code="a">Vol. 1, no. 1 (Sept. 17, 1980)-</subfield></datafield><datafield ind1=" " ind2=" " tag="588"><subfield code="a">Latest issue consulted: Vol. 2, no. 15 (Dec. 24, 1981).</subfield></datafield><datafield ind1=" " ind2="0" tag="651"><subfield code="a">LaGrande (Or.)</subfield><subfield code="v">Newspapers.</subfield></datafield><datafield ind1=" " ind2="0" tag="651"><subfield code="a">Elgin (Or.)</subfield><subfield code="v">Newspapers.</subfield></datafield><datafield ind1=" " ind2="0" tag="651"><subfield code="a">Union County (Or.)</subfield><subfield code="v">Newspapers.</subfield></datafield><datafield ind1=" " ind2=" " tag="752"><subfield code="a">United States</subfield><subfield code="b">Oregon</subfield><subfield code="c">Union</subfield><subfield code="d">LaGrande.</subfield></datafield><datafield ind1="0" ind2="4" tag="780"><subfield code="t">Elgin recorder</subfield><subfield code="w">(DLC)sn 85042442</subfield></datafield><datafield ind1="0" ind2="4" tag="780"><subfield code="t">Eastern Oregon review</subfield><subfield code="w">(DLC)sn 96088128</subfield></datafield></record>